% Encoding: UTF-8

@InProceedings{Franz2016,
  author    = {Prof. Dr. Matthias O. Franz},
  title     = {Anleitung zu Versuch 1: Aufbau, Kalibrierung und Einsatz eines einfachen Entfernungsmessers},
  booktitle = {Vorlesung Technische Grundlagen der angewandten Informatik},
  year      = {2016},
  language  = {ngerman},
}

@InProceedings{Franz2016a,
  author    = {Prof. Dr. Matthias O. Franz},
  title     = {Anleitung zu Versuch 2: Kalibrierung von digitalen Kameras Datei},
  booktitle = {Vorlesung Technische Grundlagen der angewandten Informatik},
  year      = {2016},
  language  = {ngerman},
}

@InProceedings{Franz2016b,
  author    = {Prof. Dr. Matthias O. Franz},
  title     = {Anleitung zu Versuch 3: Fourieranalyse und Akustik Datei},
  booktitle = {Vorlesung Technische Grundlagen der angewandten Informatik},
  year      = {2016},
  language  = {ngerman},
}

@InProceedings{Franz2016c,
  author    = {Prof. Dr. Matthias O. Franz},
  title     = {Anleitung zu Versuch 4: Aufbau eines einfachen Spracherkenners Datei},
  booktitle = {Vorlesung Technische Grundlagen der angewandten Informatik},
  year      = {2016},
  language  = {ngerman},
}

@InProceedings{Franz2016d,
  author    = {Prof. Dr. Matthias O. Franz},
  title     = {Anleitung zu Versuch 5: Digitalisierung},
  booktitle = {Vorlesung Technische Grundlagen der angewandten Informatik},
  year      = {2016},
  language  = {ngerman},
}

@InProceedings{Franz2016e,
  author    = {Prof. Dr. Matthias O. Franz},
  title     = {Vorlesung 1 - Einführung},
  booktitle = {Vorlesung Technische Grundlagen der angewandten Informatik},
  year      = {2016},
  language  = {ngerman},
}

@InProceedings{Franz2016f,
  author    = {Prof. Dr. Matthias O. Franz},
  title     = {Vorlesung 2 - Sensoren und Messung: Sensoren, Messung, Messgeräte für elektrische Größen},
  booktitle = {Vorlesung Technische Grundlagen der angewandten Informatik},
  year      = {2016},
  language  = {ngerman},
}

@InProceedings{Franz2016g,
  author    = {Prof. Dr. Matthias O. Franz},
  title     = {Vorlesung 3 - Messfehler: Messfehler, Fehlerfortpflanzung, systematische Fehler},
  booktitle = {Vorlesung Technische Grundlagen der angewandten Informatik},
  year      = {2016},
  language  = {ngerman},
}

@InProceedings{Franz2016h,
  author    = {Prof. Dr. Matthias O. Franz},
  title     = {Vorlesung 4 - Signale im Zeit- und Frequenzbereich: Periodische Signale, Signale im Frequenzbereich, wichtige periodische Signale},
  booktitle = {Vorlesung Technische Grundlagen der angewandten Informatik},
  year      = {2016},
  language  = {ngerman},
}

@InProceedings{Franz2016i,
  author    = {Prof. Dr. Matthias O. Franz},
  title     = {Vorlesung 5 - Fourierreihen: Fourierreihen, Fourieranalyse},
  booktitle = {Vorlesung Technische Grundlagen der angewandten Informatik},
  year      = {2016},
  language  = {ngerman},
}

@InProceedings{Franz2016j,
  author    = {Prof. Dr. Matthias O. Franz},
  title     = {Vorlesung 6 - Komplexe Fourierreihen: Negative Frequenzen, komplexe Zahlen und Sinussignale, komplexe Fourierreihe},
  booktitle = {Vorlesung Technische Grundlagen der angewandten Informatik},
  year      = {2016},
  language  = {ngerman},
}

@InProceedings{Franz2016k,
  author    = {Prof. Dr. Matthias O. Franz},
  title     = {Vorlesung 7 - Zeitkontinuierliche Fouriertransformation: Konvergenz von Fourierreihen, Spektren nichtperiodischer Signale, zeitkontinuierliche Fouriertransformation},
  booktitle = {Vorlesung Technische Grundlagen der angewandten Informatik},
  year      = {2016},
  language  = {ngerman},
}

@InProceedings{Franz2016l,
  author    = {Prof. Dr. Matthias O. Franz},
  title     = {Vorlesung 8 - Frequenz-Zeit-Komplementarität: Komplementarität von Zeit und Frequenz, Frequenzmessung, fastperiodische Signale},
  booktitle = {Vorlesung Technische Grundlagen der angewandten Informatik},
  year      = {2016},
  language  = {ngerman},
}

@InProceedings{Franz2016m,
  author    = {Prof. Dr. Matthias O. Franz},
  title     = {Vorlesung 9 - Eigenschaften der Fouriertransformation: Grundlegende Transformationspaare, Symmetrien und Rechenregeln},
  booktitle = {Vorlesung Technische Grundlagen der angewandten Informatik},
  year      = {2016},
  language  = {ngerman},
}

@InProceedings{Franz2016n,
  author    = {Prof. Dr. Matthias O. Franz},
  title     = {Vorlesung 10 - Sprache und Spracherkennung: Kurzzeit-Fouriertransformation, Erzeugung und Wahrnehmung von Sprache, Mustererkennung durch Korrelation},
  booktitle = {Vorlesung Technische Grundlagen der angewandten Informatik},
  year      = {2016},
  language  = {ngerman},
}

@InProceedings{Franz2016o,
  author    = {Prof. Dr. Matthias O. Franz},
  title     = {Vorlesung 11 - Lineare Systeme: Lineare und nichtlineare Systeme, elementare lineare Systeme, Frequenzgang},
  booktitle = {Vorlesung Technische Grundlagen der angewandten Informatik},
  year      = {2016},
  language  = {ngerman},
}

@InProceedings{Franz2016p,
  author    = {Prof. Dr. Matthias O. Franz},
  title     = {Vorlesung 12 - Systemanalyse: Systemanalyse, moderne Testsignale, Impulsantwort},
  booktitle = {Vorlesung Technische Grundlagen der angewandten Informatik},
  year      = {2016},
  language  = {ngerman},
}

@InProceedings{Franz2016q,
  author    = {Prof. Dr. Matthias O. Franz},
  title     = {Vorlesung 13 - Filter: Faltung, Filterung},
  booktitle = {Vorlesung Technische Grundlagen der angewandten Informatik},
  year      = {2016},
  language  = {ngerman},
}

@InProceedings{Franz2016r,
  author    = {Prof. Dr. Matthias O. Franz},
  title     = {Vorlesung 14 - Digitalisierung: Analog-Digital-Wandlung, Abtastung, Aliasing},
  booktitle = {Vorlesung Technische Grundlagen der angewandten Informatik},
  year      = {2016},
  language  = {ngerman},
}

@InProceedings{Franz2016s,
  author    = {Prof. Dr. Matthias O. Franz},
  title     = {Vorlesung 15 - Diskrete Fouriertransformation: diskrete Sinusschwingungen, diskrete Fourierreihe, DFT Datei},
  booktitle = {Vorlesung Technische Grundlagen der angewandten Informatik},
  year      = {2016},
  language  = {ngerman},
}

@InProceedings{Franz2016t,
  author    = {Prof. Dr. Matthias O. Franz},
  title     = {Vorlesung 16 - Digitale Filter: diskrete Faltung, zeitdiskrete Filter, Filterdesign},
  booktitle = {Vorlesung Technische Grundlagen der angewandten Informatik},
  year      = {2016},
  language  = {ngerman},
}

@Comment{jabref-meta: databaseType:bibtex;}
